@misc{definicion_robotica,
	author = "Florencia Ucha",
	title = "{Definición de Robótica}",
	year = "2009",
	howpublished = {\url{https://www.definicionabc.com/tecnologia/robotica.php}},
	note = "[Accedido 5 de Agosto de 2017]"
}
@misc{definicion_robot,
	title = "{Definición de Robot}",
	year = "2014",
	howpublished = {\url{http://conceptodefinicion.de/robot/}},
	note = "[Accedido 5 de Agosto de 2017]"
}
@misc{historia,
	author = "Marilyn Perdigón",
	title = "{El padre de la robótica, \textit{Los primeros robots}}",
	year = "2012",
	howpublished = {\url{http://marilynpg.blogspot.com.es/}},
	note = "[Accedido 5 de Agosto de 2017]"
}
@misc{historia1,
	title = "{Historia}",
	howpublished = {\url{http://wiki.robotica.webs.upv.es/wiki-de-robotica/introduccion/historia/}},
	note = "[Accedido 5 de Agosto de 2017]"
}
@misc{clasificacion_robot,
	author = "Yanet Maritza Sagua Alanguía",
	title = "{Clasificación de los Robots, \textit{Robótica Puno}}",
	howpublished = {\url{http://roboticapuno.blogspot.com.es/2013/01/clasificacion-de-los-robots.html}},
	note = "[Accedido 5 de Agosto de 2017]"
}
@misc{clasificacion_robot1,
	title = "{Clasificación de robots}",
	howpublished = {\url{http://wiki.robotica.webs.upv.es/wiki-de-robotica/introduccion/clasificacion-de-robots/}},
	note = "[Accedido 5 de Agosto de 2017]"
}
@misc{clasificacion_robot2,
	title = "{Generaciones de la Robótica, \textit{Todo sobre la Robótica}}",
	howpublished = {\url{http://conozcamoslarobotica.blogspot.com.es/p/generaciones-de-la-robotica.html}},
	note = "[Accedido 5 de Agosto de 2017]"
}
@misc{clasificacion_robot3,
	title = "{Robots Militares, \textit{Actualidad Gadget}}",
	howpublished = {\url{https://www.actualidadgadget.com/tag/robots-militares/}},
	note = "[Accedido 5 de Agosto de 2017]"
}
@misc{clasificacion_robot4,
	author = "Víctor R. González",
	title = "{Definición del Robot Industrial, \textit{Robots industriales}}",
	year = "2002",
	howpublished = {\url{http://platea.pntic.mec.es/vgonzale/cyr_0204/ctrl_rob/robotica/industrial.htm}},
	note = "[Accedido 5 de Agosto de 2017]"
}
@misc{clasificacion_robot5,
	title = "{Importancia de la Robótica en la Educación, \textit{Educatronics. Ciencia, arte y arquitectura}}",
	howpublished = {\url{http://educatronics.com/publicaciones/importancia-de-la-rob%C3%B3tica-en-la-educacion}},
	note = "[Accedido 5 de Agosto de 2017]"
}
@ARTICLE{robotica_educativa,
	author = {Moreno, I. and Mu{\~n}oz, L. and Rolando,J. and Quintero, J. and Pitt{\'i},K. and Quiel,J. 
	},
	title = "{La robótica educativa, una herramienta para la enseñanza-aprendizaje de las ciencias y las tecnologías.}",
	journal = {Revista Teoría de la Educación: Educación y Cultura en la Sociedad de la Información.},
	year = 2012,
	month = jul,
	number  = 2,
	volume  = 13,
  pages   = {74-90},
	adsurl = {http://www.redalyc.org/html/2010/201024390005/},
		
}
@ARTICLE{robotica_educativa1,
	author = {Ca{\~n}as, J.M. and Mart{\'i}, A. and Perdices, E. and Rivas, F. and Calvo, R. 
	},
	title = "{Entorno docente para la programación de la inteligencia de los robots}",
	journal = {Iberoamericana de Automática e Informática Industrial},
	year = 2016,
	pages = {1-12},
	organization = {Laboratorio de Rob{\'o}tica, Universidad Rey Juan Carlos, Fuenlabrada 28943 Madrid, Espa{\~n}a},
  adsurl = {https://gsyc.urjc.es/jmplaza/academy-beta},
	
}

@misc{modelo_espiral,
	author = "Galo Fariño R.",
	title = "{Modelo Espiral de un proyecto de desarrollo de software, \textit{Administración y Evaluación de Proyectos}}",
	year = "2011",
	howpublished = {\url{http://www.ojovisual.net/galofarino/modeloespiral.pdf}},
	note = "[Accedido 7 de Agosto de 2017]"
}

@misc{modelo_espiral1,
	title = "{Modelo Espiral}",
	year = "2009",
	howpublished = {\url{http://modeloespiral.blogspot.com.es/}},
	note = "[Accedido 7 de Agosto de 2017]"
}

@misc{modelo_espiral2,
	author = "L.F Bello and J.Gutierrez",
	title = "{Modelo en Espiral y Modelo Basado en Prototipos}",
	year = "2017",
	howpublished = {\url{https://prezi.com/y7slahvparel/modelo-en-espiral-y-modelo-basado-en-prototipos-para-el-desarrollo-de-software/}},
	note = "[Accedido 7 de Agosto de 2017]"
}

@misc{modelo_espiral3,
	author = "Sonia Posligua",
	title = "{Modelo en Espiral}",
	year = "2013",
	howpublished = {\url{https://es.slideshare.net/soniaposligua/modelo-enespiral}},
	note = "[Accedido 7 de Agosto de 2017]"
}


@misc{historia_python,
	author = "Carlos Santana",
	title = "{Historia de Python}",
	year = "2013",
	howpublished = {\url{https://www.codejobs.biz/es/blog/2013/03/03/historia-de-python}},
	note = "[Accedido 9 de Agosto de 2017]"
}

@misc{tutorial_python,
	author = "Python Software Foundation",
	title = "{Tutorial de Python}",
	year = "2017",
	howpublished = {\url{http://docs.python.org.ar/tutorial/3/real-index.html}},
	note = "[Accedido 9 de Agosto de 2017]"
}

@misc{historia_python1,
	title = "{Python, \textit{EcuRed}}",
	year = "2017",
	howpublished = {\url{https://www.ecured.cu/Python}},
	note = "[Accedido 9 de Agosto de 2017]"
}

@misc{python1,
	title = "{What is PyQt?, \textit{Riverbank Computing Limited}}",
	year = "2016",
	howpublished = {\url{https://riverbankcomputing.com/software/pyqt/intro}},
	note = "[Accedido 9 de Agosto de 2017]"
}

@misc{pqt,
  author = "Jan Bodnar",
	title = "{Introduction to PyQt5}",
	year = "2017",
	howpublished = {\url{http://zetcode.com/gui/pyqt5/introduction/}},
	note = "[Accedido 9 de Agosto de 2017]"
}

@misc{navegacion_autolocalizacion,
  author = "Julio M. Vega",
	title = "{Navegaci{\'o}n y autolocalizaci{\'o}n de un robot gu{\'i}a de visitantes}",
	school = {Universidad Rey Juan Carlos},
	year= 2008,
	howpublished = {\url{https://gsyc.urjc.es/jmvega/documentation/2008-finalProject-guideRobot-talk.pdf}},
	note = "[Accedido 9 de Agosto de 2017]"
}

@misc{navegacion_autolocalizacion1,
	title = "{Navegaci{\'o}n en Robots M{\'o}viles, \textit{Planificaci{\'o}n de Trayectorias para Robots M{\'o}viles
}}",
	howpublished = {\url{http://webpersonal.uma.es/~VFMM/PDF/cap2.pdf}},
	note = "[Accedido 10 de Agosto de 2017]"
}

@ARTICLE{navegacion_autolocalizacion2,
	author = {Ca{\~a}as, J.M. and Isado, J.L. and Garc{\'i}a, L. 
	},
	title = "{Robot navigation combining the Gradient Method and VFF inside
JDE architecture}",
	year = 2005,
	adsurl = {https://gsyc.urjc.es/jmplaza/papers/waf2005.pdf},
		
}

@phdthesis{navegacion_autolocalizacion3,
  author = "José Raúl Isado",
	title = "{Navegaci{\'o}n global de un robot usando el m{\'e}todo del gradiente}",
	year = 2005,
	school = {Universidad Rey Juan Carlos.Escuela Superior de Ciencias Experimentales y Tecnología},
	howpublished = {\url{http://jderobot.org/store/jmplaza/uploads/students/pfc-gradientplanning2005.pdf}},
	note = "[Accedido 10 de Agosto de 2017]"
}

@phdthesis{planificacion_movimiento,
  author = "Adrián González",
	title = "{Planificaci{\'o}n de Movimiento en Rob{\'o}tica M{\'o}vil utilizando ret{\'i}culas de estados}",
	year = 2011,
	school = {Universidad de Santiago de Compostela.Escola Técnica Superior de Enxeñaria},
	howpublished = {\url{http://persoal.citius.usc.es/adrian.gonzalez/pdf/Gonzalez-Sieira11_thesis.pdf}},
	note = "[Accedido 10 de Agosto de 2017]"
}

@phdthesis{navegacion_autolocalizacion4,
  author = "Julio Manuel Vega",
	title = "{Navegaci{\'o}n y autolocalizaci{\'o}n de un robot gu{\'i}a de visitantes}",
	year = 2009,
	school = {Universidad Rey Juan Carlos. Ingeniería Informática},
	howpublished = {\url{http://jderobot.org/multimedia/pfc/jmvega/grad/documentation/guide_robot_2008.pdf}},
	note = "[Accedido 10 de Agosto de 2017]"
}

@phdthesis{navegacion,
  author = "Julio Manuel Vega",
	title = "{Navegaci{\'o}n visual del robot Pioneer}",
	year = 2005,
	school = {Universidad Rey Juan Carlos.Ingeniería Técnica en Informática de Sistemas},
	howpublished = {\url{https://gsyc.urjc.es/jmplaza/pfcs/pfc-polly2005.pdf}},
	note = "[Accedido 10 de Agosto de 2017]"
}

@misc{navegacion_autonoma,
 	title = "{Navegación autónoma, \textit{Cuentos Cuánticos}}",
	year = 2011,
	howpublished = {\url{https://cuentos-cuanticos.com/2011/11/12/navegacion-autonoma/}},
	note = "[Accedido 10 de Agosto de 2017]"
}

@phdthesis{planificacion_movimiento1,
  author = "Mariano Gómez Plaza",
	title = "{Planificación óptima de movimiento y aprendizaje por refuerzo en vehículos móviles
autónomos}",
	year = 2009,
	school = {Universidad de Alcalá. Escuela Politécnica Superior},
	howpublished = {\url{http://dspace.uah.es/dspace/bitstream/handle/10017/8032/Tesis_Doctoral_Mariano_G%C3%B3mez_Plaza_Nov-09.pdf?sequence=1}},
	note = "[Accedido 11 de Agosto de 2017]"
}

@ARTICLE{gradient,
	author = {Kurt Konolige},
	title = "{A Gradient Method for Realtime Robot Control}",
	journal = {SRI International},
	year = 2000,
	address = {333 Ravenswood Avenue},
	adsurl = {https://ai2-s2-pdfs.s3.amazonaws.com/dd24/af190a9235f0e2092e441354b87d5d93ae99.pdf},
		
}

@phdthesis{programacion_robot,
  author = "J.M Cañas",
	title = "{Programación de robots con la plataforma Jderobot}",
	year = 2009,
	school = {Universidad de Málaga},
	howpublished = {\url{https://gsyc.urjc.es/jmplaza/activities/charla-umalaga2009.pdf}},
	note = "[Accedido 11 de Agosto de 2017]"
}

@misc{gazebo1,
	author = "Lucas Martín",
	title = "{Gazebo, simulador de robótica, \textit{Automatismos Mar del Plata}}",
	year = "2017",
	howpublished = {\url{http://www.automatismos-mdq.com.ar/blog/2017/01/gazebo-simulador-de-robotica.html}},
	note = "[Accedido 12 de Agosto de 2017]"
}

@misc{gazebo2,
	title = "{Gazebo Simulator: simular un robot nunca fue tan fácil, \textit{Robologs}}",
	year = "2016",
	howpublished = {\url{https://robologs.net/2016/06/25/gazebo-simulator-simular-un-robot-nunca-fue-tan-facil/}},
	note = "[Accedido 12 de Agosto de 2017]"
}

@misc{tipos_movimiento,
	author = "Grupo SIRP",
	title = "{Tipos de Movimiento y Grados de Libertad}",
	howpublished = {\url{https://es.slideshare.net/EducaredColombia/tipos-de-movimiento-y-grados-de-libertad}},
	note = "[Accedido 13 de Agosto de 2017]"
}

@misc{mindstorms,
	title = "{Lego NXT Holonómico, \textit{Lego NXT Mindstorms}}",
	howpublished = {\url{http://www.lejosconlego.com/2013/02/lego-nxt-holonomico.html}},
	note = "[Accedido 13 de Agosto de 2017]"
}

@misc{odometria,
	title = "{Que es la odometría, \textit{Arqhys Arquitectura}}",
	year = 2017,
	howpublished = {\url{http://www.arqhys.com/contenidos/quees-odometria.html}},
	note = "[Accedido 13 de Agosto de 2017]"
}

@misc{sdf,
	title = "{SDF}",
	year = 2017,
	howpublished = {\url{http://sdformat.org/}},
	note = "[Accedido 13 de Agosto de 2017]"
}

@misc{simuladores,
	title = "{Simuladores}",
	howpublished = {\url{https://eva.fing.edu.uy/pluginfile.php/127423/mod_resource/content/1/simuladores.pdf}},
	note = "[Accedido 13 de Agosto de 2017]"
}

@manual{irobot,
  title        = {Manual Roomba 500. Robot de Limpieza Aspirador},
  organization = {iRobot Corporation},
  year         = 2010,
	howpublished = {\url{https://homesupport.irobot.com/euf/assets/images/faqs/roomba/500/manual/es-ES.pdf}},
  note         = "[Accedido 14 de Agosto de 2017]"
}

@manual{irobot1,
  title        = {Manual Roomba 800},
  organization = {iRobot Corporation},
  year         = 2014,
	howpublished = {\url{https://www.irobotweb.com/-/media/Files/Support/Home/Roomba/800/iRobot-Roomba-800-Manual.pdf?la=es-ES}},
  note         = "[Accedido 14 de Agosto de 2017]"
}

@phdthesis{aspiradora,
  author = "Elena Rodríguez",
	title = "{Sistema de Control de Aspiradora Automática}",
	year = 2008,
	school = {Universidad Pontificia Comillas. Escuela Técnica Superior de Ingeniería},
	howpublished = {\url{https://www.iit.comillas.edu/pfc/resumenes/48c9a66444e22.pdf}},
	note = "[Accedido 14 de Agosto de 2017]"
}

@misc{aspiradora1,
	author = "Lucía Ruiz",
	title = "{Las Mejores Aspiradoras Robot del 2017 – Guía de Compra, \textit{Aspiradoras de mano}}",
	year = "2017",
	howpublished = {\url{http://www.aspiradorasdemano.com/mejores-aspiradoras-robot/}},
	note = "[Accedido 14 de Agosto de 2017]"
}

@phdthesis{vision,
	author = "Ana Misiego",
	title = "{Visión Artificial y su aplicación en la automatización de tareas de limpieza }",
	year = "2017",
	school = {Universidad de Valladolid.Escuela de Ingenierías Industriales},
	howpublished = {\url{https://uvadoc.uva.es/bitstream/10324/24308/1/TFM-P-573.pdf}},
	note = "[Accedido 15 de Agosto de 2017]"
}

@misc{xiaomi,
	author = "Jason Roberts",
	title = "{Xiaomi Mi robot vacuum cleaner – what lays behind the hype, \textit{Vacuums Guide}}",
	year = "2016",
	howpublished = {\url{https://www.vacuumsguide.com/xiaomi-mi-robot-vacuum-cleaner/}},
	note = "[Accedido 15 de Agosto de 2017]"
}

@misc{xiaomi1,
	title = "{Test Robot aspiradora Xiaomi Mi, \textit{Las aspiradoras}}",
	year = "2017",
	howpublished = {\url{http://www.lasaspiradoras.com/test-robot-aspiradora-xiaomi-mi/}},
	note = "[Accedido 15 de Agosto de 2017]"
}

@manual{trilobite,
  title        = {Manual Trilobite},
  organization = {Electrolux},
  year         = 2001,
	howpublished = {\url{http://banksvac.com/media/product_manuals/electrolux/Electrolux%20Trilobite.pdf}},
  note         = "[Accedido 15 de Agosto de 2017]"
}

@phdthesis{localization,
	author = "Guido Zunino",
	title = "{Simultaneous Localization and Mapping for Navigation in Realistic Environments }",
	year = "2002",
	school = {Royal Institute of Technology},
	howpublished = {\url{http://citeseerx.ist.psu.edu/viewdoc/download;jsessionid=9358B615B2836BBAEBEB32D2D3B5FACE?doi=10.1.1.126.1473&rep=rep1&type=pdf}},
	note = "[Accedido 16 de Agosto de 2017]"
}

@misc{roomba_navigation,
	author = "Julia Layton",
	title = "{How Robotic Vacuums Work, \textit{HowStuffWorks }}",
	howpublished = {\url{http://electronics.howstuffworks.com/gadgets/home/robotic-vacuum2.htm}},
	note = "[Accedido 16 de Agosto de 2017]"
}

@misc{roomba_lg,
	title = "{Robot aspirador LG Hombot Turbo. Especial casas con mascotas, niños y alfombras, \textit{LG}}",
	year = "2017",
	howpublished = {\url{http://www.lg.com/es/aspiradoras/lg-VR65710LVMP}},
	note = "[Accedido 16 de Agosto de 2017]"
}

@misc{roomba_navigation1,
	title = "{Roomba navigation algorithm, \textit{Random Sequence}}",
	year = "2012",
	howpublished = {\url{http://www.randseq.org/2012/11/roomba-navigation-algorithm.html}},
	note = "[Accedido 16 de Agosto de 2017]"
}

@misc{introduccion_espirales,
	title = "{Introducción a las Espirales}",
	howpublished = {\url{hhttp://www.ieshumanes.com/nw/Espiral/espirales.pdf}},
	note = "[Accedido 17 de Agosto de 2017]"
}

@misc{espirales_funciones_polares,
	author = "Damiani Díaz",
	title = "{Espirales y funciones polares,\textit{Pontificia Universidad Católica de Ecuador}}",
	year = "2012",
	howpublished = {\url{http://calculodiferencial-pucesd.blogspot.com.es/2012/12/espirales-y-funciones-polares.html}},
	note = "[Accedido 17 de Agosto de 2017]"
}

@misc{espiral_arquimedes,
	title = "{La Espiral de Arquímedes}",
	howpublished = {\url{http://www.ite.educacion.es/formacion/enred/web_espiral/matematicas_1/arquimedes.htm}},
	note = "[Accedido 17 de Agosto de 2017]"
}

@phdthesis{localization1,
	author = "Juan Navarro Bosgos",
	title = "{Construcción de Mapas 3D Compactos desde Sensores RGBD}",
	year = "2015",
	school = {Universidad Rey Juan Carlos.Ingeniería de Telecomunicación},
	howpublished = {\url{http://jderobot.org/Jnbosgos}},
	note = "[Accedido 17 de Agosto de 2017]"
}

@misc{repositorio_parking,
	author = "Jordan Van Duyne",
	title = "{P{\'a}gina del repositorio AutonomousParking}",
	year = "2017",
	school = {Universidad Rey Juan Carlos},
	howpublished = {\url{https://github.com/jovanduy/AutonomousParking}},
	note = "[Accedido 19 de Agosto de 2017]"
}

@misc{aparcamiento_autonomo,
	title = "{Avances tecnológicos en el aparcamiento autónomo,\textit{Central Recambio Original}}",
	year = "2017",
	howpublished = {\url{http://www.recambiooriginal.com/blog/recambios-originales/mecanica/avances-tecnologicos-aparcamiento-autonomo/}},
	note = "[Accedido 19 de Agosto de 2017]"
}

@misc{aparcamiento_autonomo1,
	author = "Nacho Teso",
	title = "{Aparcamiento autónomo: cómo funciona su tecnología,\textit{Noticias coches.com}}",
	year = "2016",
	howpublished = {\url{https://noticias.coches.com/noticias-motor/aparcamiento-autonomo-como-funciona-su-tecnologia/234288}},
	note = "[Accedido 19 de Agosto de 2017]"
}

@misc{aparcamiento_autonomo2,
	author = "Ibáñez",
	title = "{Tecnología para el coche: sistemas de aparcamiento automático,\textit{xataka}}",
	year = "2012",
	howpublished = {\url{https://www.xataka.com/automovil/tecnologia-para-el-coche-sistemas-de-aparcamiento-automatico}},
	note = "[Accedido 19 de Agosto de 2017]"
}

@misc{aparcamiento_autonomo3,
	author = "José Manuel Maletá",
	title = "{Daimler y Bosch, un ensayo de 'parking' autónomo desde el móvil en el museo Mercedes-Benz,\textit{El Mundo}}",
	year = "2017",
	howpublished = {\url{http://www.elmundo.es/motor/2017/07/24/59762c8522601d11508b467a.html}},
	note = "[Accedido 19 de Agosto de 2017]"
}

@misc{aparcamiento_autonomo4,
	author = "Ibáñez",
	title = "{De 0 a 5: cuáles son los diferentes niveles de conducción autónoma, a fondo,\textit{xataka}}",
	year = "2017",
	howpublished = {\url{https://www.xataka.com/automovil/de-0-a-5-cuales-son-los-diferentes-niveles-de-conduccion-autonoma}},
	note = "[Accedido 19 de Agosto de 2017]"
}

@book{aparcamiento_autonomo5,
  author    = "Markus Maurer and J. Christian Gerdes and Barbara Lenz and Hermann Winner", 
  title     = "{Autonomous Driving.  Technical, Legal and Social Aspects}",
  publisher = "Springer Open",
  year      = 2016,
  address   = {Daimler und Benz-Stiftung, Ladenburg},
  isbn      = {978-3-662-48845-4}
}
@misc{aparcamiento_autonomo6,
	author = "Julio Benítez",
	title = "{Sistemas de aparcamiento inteligente}",
	year = "2017",
	howpublished = {\url{http://www.vidapremium.com/sistemas-de-aparcamiento-inteligente-2031.htm#5}},
	note = "[Accedido 19 de Agosto de 2017]"
}

@misc{opencv,
	title = "{P{\'a}gina Oficial de OpenCV}",
	year = "2017",
	howpublished = {\url{http://opencv.org/}}
	
}

@misc{robotica_educativa2,
	author = "Jose Cabrera Lozano",
	title = "{Definición de robótica educativa\textit{Edukative, Robótica educativa}}",
	year = "2014",
	howpublished = {\url{https://edukative.es/definicion-robotica-educativa/}},
	note = "[Accedido 11 de Septiembre de 2017]"
}

@misc{robotica_educativa3,
	title = "{Iniciativas que promueven las competencias 4C en los alumnos: creatividad, pensamiento crítico, colaboración y comunicación,\textit{innedu}}",
	howpublished = {\url{http://www.innedu.es/iniciativas-que-promueven-las-competencias-4c-en-los-alumnos-creatividad-pensamiento-critico-colaboracion-y-comunicacion/#.WbbxB8hJbIV}},
	note = "[Accedido 11 de Septiembre de 2017]"
}

@misc{robotica_educativa4,
	title = "{Importancia de los videojuegos para las habilidades del siglo XXI,\textit{ÁrbolABC.com}}",
	howpublished = {\url{https://arbolabc.com/blog/importancia-de-los-videojuegos-para-las-habilidades-del-siglo-xxi/}},
	note = "[Accedido 11 de Septiembre de 2017]"
}

@misc{robotica_educativa5,
  
	title = "{Las Cuatro Habilidades De Una Educación Del Siglo 21,\textit{Fundación SM}}",
	year = "2015",
	howpublished = {\url{http://www.seminariointernacional.com.mx/blog/Las-cuatro-habilidades-de-una-educacion-del-siglo-21}},
	note = "[Accedido 11 de Septiembre de 2017]"
}

@ARTICLE{robotic_educativa,
	author    = {Ocaña, G. and Romero, I. and Gil, F. and Codina, A.}, 
	title = "{Implantación de la nueva asignatura “Robótica” en Enseñanza Secundaria y Bachillerato}",
	journal = {Investigación en la Escuela},
	year = 2015,
	month = abril,
	number  = 87,
	volume  = 13,
  pages   = {65-79},
	adsurl = {http://www.investigacionenlaescuela.es/articulos/R87/R87-5.pdf},
	note = "[Accedido 12 de Septiembre de 2017]"	
}

@misc{robotic_educativa1,
  
	title = "{JdeRobot-kids,\textit{JdeRobot}}",
	year = "2017",
	howpublished = {\url{http://jderobot.org/Robotica-en-secundaria}},
	note = "[Accedido 12 de Septiembre de 2017]"
}

@misc{robotic_educativa2,
  
	title = "{Tutoriales de robóticaTutoriales de robótica}",
	howpublished = {\url{https://www.solidworks.es/sw/education/9931_ESN_HTML.htm}},
	note = "[Accedido 12 de Septiembre de 2017]"
}

@ARTICLE{robotic_educativa3,
	author    = {Ricardo Tellez}, 
	title = "{A thousand robots for each student: using cloud robot simulations to teach robotics}",
	journal = {The Construct Sim},
	year = 2016,
	adsurl = {http://www.theconstructsim.com/wp-content/uploads/2016/05/A_thousand_robots_for_each_student.pdf},
	note = "[Accedido 12 de Septiembre de 2017]"	
}

@misc{robotic_educativa4,
  author = "Robótica en la Universidad de Alcalá",
	title = "{Proyecto TuBot 2015,\textit{Alcabot}}",
	year = "2015",
	howpublished = {\url{http://asimov.depeca.uah.es/robotica/mod/resource/view.php?id=1188}},
	note = "[Accedido 12 de Septiembre de 2017]"
}

@misc{robotic_educativa5,
  title = "{Grado en Ingeniería Robótica,\textit{Universidad de Alicante}}",
	year = "2016",
	howpublished = {\url{https://cvnet.cpd.ua.es/webcvnet/planestudio/planestudiond.aspx?plan=C211#}},
	note = "[Accedido 12 de Septiembre de 2017]"
}

@misc{robotic_educativa6,
  title = "{Plan de Estudios Electrónica, Robótica y Mecatrónica,\textit{Universidad de Málaga}}",
	year = "2017",
	howpublished = {\url{http://www.uma.es/grado-en-ingenieria-electronica-robotica-y-mecatronica/info/9857/plan-de-estudios-electronica-robotica-y-mecatronica/}},
	note = "[Accedido 12 de Septiembre de 2017]"
}

@misc{robotic_educativa7,
  title = "{471 Másters oficiales de ingeniería electrónica robotica mecatroóica,\textit{educaweb}}",
	year = "2017",
	howpublished = {\url{http://www.educaweb.com/masters-oficiales-de/ingenieria-electronica-robotica-mecatronica/}},
	note = "[Accedido 12 de Septiembre de 2017]"
}

@misc{middleware,
  title = "{Robotics middleware,\textit{Wikipedia}}",
	year = "2017",
	howpublished = {\url{https://en.wikipedia.org/wiki/Robotics_middleware}},
	note = "[Accedido 12 de Septiembre de 2017]"
}

@ARTICLE{middleware1,
	author    = {Simone Ceriani and Martino Migliavacca}, 
	title = "{Middleware in robotics}",
	journal = {Advanced Methods of Information Technology for Autonomous Robotics},
	adsurl = {http://home.deib.polimi.it/gini/AdvancedRobotics/docs/CerianiMigliavacca.pdf},
	note = "[Accedido 12 de Septiembre de 2017]"	
}

@misc{open_source,
  title = "{Open Source Robotics Software/Hardware List,\textit{Learn Robotix}}",
	howpublished = {\url{http://learnrobotix.com/open-source-robotics-software.html}},
	note = "[Accedido 12 de Septiembre de 2017]"
}

@misc{webots,
  title = "{Webots,\textit{Cyberbotics}}",
	howpublished = {\url{https://www.cyberbotics.com/webots.php}},
	note = "[Accedido 12 de Septiembre de 2017]"
}

@phdthesis{opecv_educacion,
  author = {V. M. Arévalo and J. González and G. Ambrosio },
	title = "{La Librería de Visión Artificial OpenCV, Aplicación a la Docencia e Investigación}",
	year = 2004,
	school = {Dpto. De Ingeniería de Sistemas y Automática, Universidad de Málaga},
	howpublished = {\url{http://mapir.isa.uma.es/varevalo/drafts/arevalo2004lva1.pdf}},
	note = "[Accedido 12 de Septimbre de 2017]"
}

@misc{BoofCV ,
  title = "{BoofCV}",
	howpublished = {\url{https://boofcv.org/index.php?title=Main_Page}},
	note = "[Accedido 12 de Septiembre de 2017]"
}

@misc{AForge.NET ,
  title = "{AForge.NET Framework, \textit{AForge.NET}}",
	howpublished = {\url{http://www.aforgenet.com/framework/}},
	note = "[Accedido 12 de Septiembre de 2017]"
}

@ARTICLE{urbi,
	author    = {Baillie, J. and Demaille, A. and Hocquet, Q. and Nottale, M. and Tardieu, S}, 
	title = "{The Urbi Universal Platform for Robotics}",
	journal = {Simulation, Modeling and Programming for Autonomous Robots},
	year = "2008",
	pages   = {580-591},
	isbn = {978-88-95872-01-8},
	adsurl = {https://rfc1149.net/download/documents/scpr2008-08-Baillie.pdf},
	note = "[Accedido 23 de Septiembre de 2017]"	
}

@misc{pcl,
	author = {Alberto Manuel Mireles Suárez},
  title = "{Re-identificación de personas en redes de sensores RGBD,\textit{Universidad de las Palmas de Gran Canaria}}",
	year = "2015",
	howpublished = {\url{file:///C:/Users/jessi/Downloads/0710907_00000_0000.pdf}},
	note = "[Accedido 23 de Septiembre de 2017]"
}

@phdthesis{pcl1,
  author = {Javier Nuño Simón},
	title = "{Reconocimiento de objetos mediante sensor 3D Kinect}",
	year = 2012,
	school = {Universidad Carlos III de Madrid},
	howpublished = {\url{https://e-archivo.uc3m.es/bitstream/handle/10016/16917/TFG_Javier_Nuno_Simon.pdf}},
	note = "[Accedido 23 de Septimbre de 2017]"
}

@misc{orocos,
	author = {Herman Bruyninckx and Peter Soetens},
  title = "{The OROCOS Project}",
	year = "2007",
	howpublished = {\url{https://people.mech.kuleuven.be/~orocos/pub/stable/documentation/rtt/v1.10.x/doc-xml/orocos-overview.html}},
	note = "[Accedido 23 de Septiembre de 2017]"
}

@phdthesis{orocos1,
  author = {Jorge Coronado Vallés},
	title = "{Desarrollo de aplicaciones embebidas de control en robots móviles}",
	year = 2013,
	school = {Universidad Politécnica de Valencia},
	howpublished = {\url{https://riunet.upv.es/bitstream/handle/10251/39872/tesina_Jorge%20Coronado.pdf?sequence=1}},
	note = "[Accedido 23 de Septimbre de 2017]"
}
